<?xml version="1.0" encoding="UTF-8"?><collection><record><leader>06373ntm a2200577 a 4500</leader><controlfield tag="001">006834031</controlfield><controlfield tag="003">MiAaHDL</controlfield><controlfield tag="005">20190719000000.0</controlfield><controlfield tag="006">m        d        </controlfield><controlfield tag="007">cr bn ---auaua</controlfield><controlfield tag="008">090702s1860    sy            00| ||ara d</controlfield><datafield tag="035" ind1=" " ind2=" "><subfield code="a">(MiU)006834031</subfield></datafield><datafield tag="035" ind1=" " ind2=" "><subfield code="a">sdr-miu006834031</subfield></datafield><datafield tag="040" ind1=" " ind2=" "><subfield code="a">MiU</subfield><subfield code="c">MiU</subfield><subfield code="e">amremm</subfield></datafield><datafield tag="043" ind1=" " ind2=" "><subfield code="a">n-us-mi</subfield></datafield><datafield tag="100" ind1="1" ind2=" "><subfield code="6">880-01</subfield><subfield code="a">Bājūrī, Ibrāhīm ibn Muḥammad,</subfield><subfield code="d">1783 or 1784-1860.</subfield></datafield><datafield tag="240" ind1="1" ind2="0"><subfield code="6">880-02</subfield><subfield code="a">Ḥāshiyat al-Burdah</subfield></datafield><datafield tag="245" ind1="1" ind2="0"><subfield code="6">880-03</subfield><subfield code="a">Hādhihi Ḥāshiyat al-Burdah,</subfield><subfield code="f">[1276, i.e. 1860].</subfield></datafield><datafield tag="246" ind1="3" ind2="8"><subfield code="a">حاشية البردة</subfield></datafield><datafield tag="260" ind1=" " ind2=" "><subfield code="a">[Kafr Takhārīm,</subfield><subfield code="c">1860].</subfield></datafield><datafield tag="300" ind1=" " ind2=" "><subfield code="a">84 leaves :</subfield><subfield code="b">paper ;</subfield><subfield code="c">207 x 142 (155 x 93) mm. bound to 215 x 150 mm.</subfield></datafield><datafield tag="500" ind1=" " ind2=" "><subfield code="a">Shelfmark: Ann Arbor, University of Michigan, Special Collections Library, Isl. Ms. 1001</subfield></datafield><datafield tag="500" ind1=" " ind2=" "><subfield code="a">Origin: As appears in colophon on p.164, copied by al-Sayyid Muḥammad ibn al-Ḥājj ʻUmar al-Afandī al-Rifāʻī al-Shāfiʻī apparently in Kafr Takhārīm where he was then residing with transcription completed 17 Jumādá II 1276 [ca. 11 January 1860]. As appears in preceding authorial colophon (also on p.164), composition completed in Shawwāl 1229 [September-October 1814].</subfield></datafield><datafield tag="500" ind1=" " ind2=" "><subfield code="a">Former shelfmark: Mich. Isl. Ms. temp. no. 150</subfield></datafield><datafield tag="500" ind1=" " ind2=" "><subfield code="a">Binding: Boards covered in black textured cloth with black leather over spine (quarter binding) ; Western style binding ; pastedowns and flyleaves in wove paper printed with a floral vegetal pattern in pink and green ; spine gold-stamped with title and decorative accents over raised bands "حاشية البردة" ; now sewn in white thread, five stations ; overall in fairly good condition with minor abrasion and pest damage.</subfield></datafield><datafield tag="500" ind1=" " ind2=" "><subfield code="a">Support: European laid paper of two types ; opening type (through p.40) with 8-9 laid lines per cm. (vertical), chain lines spaced 25-28 mm. apart (horizontal), three crescents / tre lune watermark (65 mm. long, perpendicular to chains, see pp.6, 10, 12, etc.) and countermark with letters R C F visible (see pp.4, 8, 12, 20, 22, 34, etc.), sturdy, cream to buff in color, lightly burnished ; from p.41 to close, a type with 9-10 laid lines per cm. (vertical), chain lines spaced 27 mm. apart (horizontal), three crescents / tre lune watermark (75 mm. long, perpendicular to chains, see pp.46, 50, 56, etc.) and countermark "Fi PALAZZUOLI" (see pp.46, 52, 54, 58, 60, 90, 166, etc. and compare Vollers O883, Universitätsbibliothek Leipzig), sturdy, cream to buff in color, lightly burnished.</subfield></datafield><datafield tag="500" ind1=" " ind2=" "><subfield code="a">Script: Naskh ; compact, somewhat angular Syrian hand in a medium line ; partially though irregularly seriffed (mainly serifless) with effect of tilt to the left, slight effect of words descending to baseline, free assimilation of letters and dots, pointing mainly in conjoined dots, alif maqṣūrah pointed as yāʼ.</subfield></datafield><datafield tag="500" ind1=" " ind2=" "><subfield code="a">Layout: Written mainly in 21 lines per page ; frame-ruled.</subfield></datafield><datafield tag="500" ind1=" " ind2=" "><subfield code="a">Collation: i, 8 V(80), II (84), i ; quinions with closing binion ; catchwords present ; pagination in pencil, Western numerals, supplied during digitization (mistakenly repeats p.124 and p.138).</subfield></datafield><datafield tag="500" ind1=" " ind2=" "><subfield code="a">Colophon: "Scribal," triangular, reads "قد تمت ونجزت هذه الحاشية المباركة لشيخنا الشيخ ابراهيم الباجوري امدنا الله تعالى بمدده ونفعنا بعلومه وحشرنا في زمرته على يد كاتبها الفقير الى رحمة ربه المعيد المبدي السيد محمد بن المرحوم الحاج عمر الافندي القاطن يومئذ بقصبة كفرخاريم الرفاعي نسبا والشافعي مذهبا غفر الله له ولوالديه ولمشايخه ولاسلافه جري وحرر في سبعة عشر يوم خلت من جمادى الثاني سنه ١٢٧٦ من هجرته صلى الله عليه وسلم م"</subfield></datafield><datafield tag="500" ind1=" " ind2=" "><subfield code="a">Explicit: "بجاه من بيته في طيبة حرم واسمه قسم من اعظم القسم وهذه بردة المختار قد ختمت والحمد لله في بدء وفي ختم ابياتها قد اتت ستين مع مائة فرج بها كربنا يا واسع الكرم فرج الله الكرب عنا وعن سائر المسلمين بجاه سيد المرسلين ... والحمد لله رب العالمين"</subfield></datafield><datafield tag="500" ind1=" " ind2=" "><subfield code="a">Incipit: "حمدا لمن شرح بمدح نبيه قلوب اوليائه ووشحهم ببردة محاسنه وطيب سنائة ... اما بعد فيقول راجي عفو ربه الكريم عبده الباجوري ابراهيم اعلم ان مدحه صلى الله عليه وسلم لم يتعاطه فحول الشعراء المتقدمين لان كمالاته صلى الله عليه وسلم لا تحصى ..."</subfield></datafield><datafield tag="500" ind1=" " ind2=" "><subfield code="a">Title from inscription on 'title page' (p.1).</subfield></datafield><datafield tag="500" ind1=" " ind2=" "><subfield code="a">Ms. codex.</subfield></datafield><datafield tag="510" ind1="4" ind2=" "><subfield code="a">Brockelmann, C. GAL,</subfield><subfield code="c">I 264</subfield></datafield><datafield tag="510" ind1="4" ind2=" "><subfield code="a">Brockelmann, C. GAL,</subfield><subfield code="c">II 487 ; S II 741</subfield></datafield><datafield tag="520" ind1="8" ind2=" "><subfield code="a">Careful copy of the commentary by al-Shaykh Ibrāhīm al-Bājūrī (d.1860) on al-Būṣīrī’s celebrated poem in praise of the Prophet, al-Kawākib al-durrīyah fī madḥ khayr al-barīyah more commonly known as al-Burdah.</subfield></datafield><datafield tag="538" ind1=" " ind2=" "><subfield code="a">Mode of access: Internet.</subfield></datafield><datafield tag="541" ind1=" " ind2=" "><subfield code="a">Acquired in the Fall of 1950.</subfield></datafield><datafield tag="546" ind1=" " ind2=" "><subfield code="a">Arabic.</subfield></datafield><datafield tag="561" ind1=" " ind2=" "><subfield code="a">On upper pastedown label with ex libris of James Heyworth-Dunne (d.1974), stamped with inventory number, "Ex Libris | J. Heyworth-Dunne | D. Lit. (London) | No. 8517" ; UM Library inscription on p.3 "Dunning | Heyworth-Dunne | 6-11-51 | 71955" ; occasional glosses.</subfield></datafield><datafield tag="600" ind1="1" ind2="0"><subfield code="a">Būṣīrī, Sharaf al-Dīn Muḥammad ibn Saʻīd,</subfield><subfield code="d">1213?-1296?</subfield><subfield code="t">Burdah.</subfield></datafield><datafield tag="600" ind1="0" ind2="0"><subfield code="a">Muḥammad,</subfield><subfield code="c">Prophet,</subfield><subfield code="d">-632</subfield><subfield code="v">Poetry.</subfield></datafield><datafield tag="650" ind1=" " ind2="0"><subfield code="a">Manuscripts, Arabic</subfield><subfield code="z">Michigan</subfield><subfield code="z">Ann Arbor.</subfield></datafield><datafield tag="700" ind1="1" ind2=" "><subfield code="a">Heyworth-Dunne, J.</subfield><subfield code="q">(James),</subfield><subfield code="e">former owner.</subfield></datafield><datafield tag="700" ind1="0" ind2=" "><subfield code="6">880-05</subfield><subfield code="a">Muḥammad ibn ʻUmar al-Rifāʻī,</subfield><subfield code="d">fl. 1860,</subfield><subfield code="e">scribe.</subfield></datafield><datafield tag="773" ind1="0" ind2=" "><subfield code="a">Heyworth-Dunne Collection.</subfield></datafield><datafield tag="880" ind1="0" ind2=" "><subfield code="6">700-05/</subfield><subfield code="a">محمد بن عمر الرفاعي،</subfield><subfield code="e">ناسخ.</subfield></datafield><datafield tag="880" ind1="1" ind2="0"><subfield code="6">245-03/</subfield><subfield code="a">هذه حاشية البردة,</subfield><subfield code="f">[1276ه، 1860م].</subfield></datafield><datafield tag="880" ind1="1" ind2="0"><subfield code="6">240-02/</subfield><subfield code="a">حاشية البردة</subfield></datafield><datafield tag="880" ind1="1" ind2=" "><subfield code="6">100-01/</subfield><subfield code="a">باجوري، ابراهيم بن محمد.</subfield></datafield><datafield tag="CID" ind1=" " ind2=" "><subfield code="a">006834031</subfield></datafield><datafield tag="DAT" ind1="0" ind2=" "><subfield code="a">20190719102641.0</subfield><subfield code="b">20190719000000.0</subfield></datafield><datafield tag="DAT" ind1="1" ind2=" "><subfield code="a">20190719090653.0</subfield><subfield code="b">2019-07-19T16:12:33Z</subfield></datafield><datafield tag="DAT" ind1="2" ind2=" "><subfield code="a">2015-10-10T18:00:06Z</subfield></datafield><datafield tag="CAT" ind1=" " ind2=" "><subfield code="a">SDR-MIU</subfield><subfield code="d">EX LIBRIS - ALEPH</subfield><subfield code="l">prepare.pl-004-008</subfield></datafield><datafield tag="FMT" ind1=" " ind2=" "><subfield code="a">BK</subfield></datafield><datafield tag="HOL" ind1=" " ind2=" "><subfield code="0">sdr-miu006834031</subfield><subfield code="a">MiU</subfield><subfield code="b">SDR</subfield><subfield code="c">MIU</subfield><subfield code="p">mdp.39015079131887</subfield><subfield code="s">MIU</subfield><subfield code="1">006834031</subfield></datafield><datafield tag="974" ind1=" " ind2=" "><subfield code="b">MIU</subfield><subfield code="c">MIU</subfield><subfield code="d">20190719</subfield><subfield code="s">lit-dlps-dc</subfield><subfield code="u">mdp.39015079131887</subfield><subfield code="y">1860</subfield><subfield code="r">pd</subfield><subfield code="q">bib</subfield><subfield code="t">non-US bib date1 &lt; 1879</subfield></datafield></record></collection>